<?xml version="1.0" encoding="UTF-8"?><collection xmlns="http://www.loc.gov/MARC21/slim"><record><leader>00349nam--2200133-i-4500</leader><controlfield tag="001">000024347</controlfield><controlfield tag="002">20161230</controlfield><controlfield tag="005">20161230201035</controlfield><controlfield tag="008">060222s1000------------r-----000-0-eng-d</controlfield><datafield ind1=" " ind2=" " tag="080"><subfield code="a">530.145</subfield></datafield><datafield ind1=" " ind2=" " tag="100"><subfield code="a">Jauch, Josef M</subfield></datafield><datafield ind1=" " ind2=" " tag="245"><subfield code="a">Foundations of quantum mechanics</subfield></datafield><datafield ind1=" " ind2=" " tag="260"><subfield code="a">Reading, Mass., Addison-wesley Publ.Co., 1968, Xii + 299p</subfield></datafield><datafield ind1=" " ind2=" " tag="852"><subfield code="a">28718</subfield></datafield></record></collection>